<?xml version="1.0" encoding="UTF-8"?><collection xmlns="http://www.loc.gov/MARC21/slim"><record><leader>00527nam--2200181-i-4500</leader><controlfield tag="001">000001486</controlfield><controlfield tag="002">20161230</controlfield><controlfield tag="005">20161230201024</controlfield><controlfield tag="008">060222s1000------------r-----000-0-eng-d</controlfield><datafield ind1=" " ind2=" " tag="040"><subfield code="a">IFIN-HH</subfield></datafield><datafield ind1=" " ind2=" " tag="080"><subfield code="a">539.175.3:533.9:621.039.6</subfield></datafield><datafield ind1="1" ind2=" " tag="100"><subfield code="a">Dolan, Thomas James</subfield></datafield><datafield ind1="1" ind2="0" tag="245"><subfield code="a">Fusion research: technology</subfield><subfield code="c">Thomas james dolan</subfield></datafield><datafield ind1=" " ind2=" " tag="260"><subfield code="a">New York, Pergamon Press, 1982</subfield></datafield><datafield ind1=" " ind2=" " tag="300"><subfield code="a">3 VOLUME</subfield></datafield><datafield ind1="0" ind2=" " tag="787"><subfield code="a">Vol. Iii</subfield><subfield code="h">XXII+/272P./549P./855p.+A34P.+I27P</subfield><subfield code="t">Technology</subfield></datafield><datafield ind1=" " ind2=" " tag="852"><subfield code="a">71226</subfield><subfield code="c">533.9</subfield></datafield><datafield ind1=" " ind2=" " tag="CAT"><subfield code="a">Sys</subfield><subfield code="c">20101001</subfield><subfield code="h">085038</subfield></datafield></record></collection>